<?xml version="1.0" encoding="UTF-8"?><collection xmlns="http://www.loc.gov/MARC21/slim"><record><leader>00562nam--2200181-i-4500</leader><controlfield tag="001">000041333</controlfield><controlfield tag="002">20161230</controlfield><controlfield tag="005">20161230201043</controlfield><controlfield tag="008">060222s1000------------r-----000-0-ger-d</controlfield><datafield ind1=" " ind2=" " tag="040"><subfield code="a">IFIN-HH</subfield></datafield><datafield ind1=" " ind2=" " tag="041"><subfield code="a">ger</subfield></datafield><datafield ind1=" " ind2=" " tag="080"><subfield code="a">537.222.22:535(043)</subfield></datafield><datafield ind1="1" ind2=" " tag="100"><subfield code="a">Schultheis, Lothar</subfield></datafield><datafield ind1="1" ind2="0" tag="245"><subfield code="a">Optische unterschungen zum resonantern verhalten des exzitonischen polaritons an halbleiteroberflachen</subfield><subfield code="b">Dissertation</subfield><subfield code="c">Lothar schultheus</subfield></datafield><datafield ind1=" " ind2=" " tag="260"><subfield code="a">Stuttgart</subfield><subfield code="b">Max-plank_institut</subfield><subfield code="c">1983</subfield></datafield><datafield ind1=" " ind2=" " tag="300"><subfield code="a">108 P</subfield></datafield><datafield ind1=" " ind2=" " tag="852"><subfield code="a">71580</subfield><subfield code="c">537.311.33</subfield></datafield><datafield ind1=" " ind2=" " tag="CAT"><subfield code="a">Sys</subfield><subfield code="c">20110727</subfield><subfield code="h">142158</subfield></datafield></record></collection>